@article{2011-FanWhi,
	title={Optofluidic microsystems for chemical and biological analysis},
	author={Fan, Xudong and White, Ian M},
	journal={Nature photonics},
	volume={5},
	number={10},
	pages={591--597},
	year={2011},
	publisher={Nature Publishing Group}
}

@article{2016-CaiGagCarRecBuc,
	title={Micro-optofluidic switch realized by 3D printing technology},
	author={Cairone, Fabiana and Gagliano, Salvina and Carbone, Domenico C and Recca, Giuseppe and Bucolo, Maide},
	journal={Microfluidics and nanofluidics},
	volume={20},
	number={4},
	pages={1--10},
	year={2016},
	publisher={Springer}
}

@article{2020-RajCha,
	title={PDMS microfluidics: A mini review},
	author={Raj M, Kiran and Chakraborty, Suman},
	journal={Journal of Applied Polymer Science},
	volume={137},
	number={27},
	pages={48958},
	year={2020},
	publisher={Wiley Online Library}
}

