@incollection{2004-Pfu,
  title={Human brain-computer interface},
  author={Pfurtscheller, Gert and Neuper, Christa and Birbaumer, Niels},
  booktitle={Motor cortex in voluntary movements},
  pages={367--402},
  year={2004},
  publisher={CRC Press}
}
@article{2006-Hoc,
	title={Sensors for brain-computer interfaces},
	author={Hochberg, Leigh R and Donoghue, John P},
	journal={IEEE Engineering in Medicine and Biology Magazine},
	volume={25},
	number={5},
	pages={32--38},
	year={2006},
	publisher={IEEE}
}
@article{2008-Len,
	title={An adaptive P300-based online brain--computer interface},
	author={Lenhardt, Alexander and Kaper, Matthias and Ritter, Helge J},
	journal={IEEE Transactions on Neural Systems and Rehabilitation Engineering},
	volume={16},
	number={2},
	pages={121--130},
	year={2008},
	publisher={IEEE}
}
@article{2009-Tho,
	title={A new discriminative common spatial pattern method for motor imagery brain--computer interfaces},
	author={Thomas, Kavitha P and Guan, Cuntai and Lau, Chiew Tong and Vinod, A Prasad and Ang, Kai Keng},
	journal={IEEE transactions on biomedical engineering},
	volume={56},
	number={11},
	pages={2730--2733},
	year={2009},
	publisher={IEEE}
}

@inproceedings{2010-Arg,
	title={A brain-computer interface algorithm based on Hidden Markov models and dimensionality reduction},
	author={Argun{\c{s}}ah, Ali {\"O}zg{\"u}r and {\c{C}}etin, M{\"u}jdat},
	booktitle={2010 IEEE 18th Signal Processing and Communications Applications Conference},
	pages={93--96},
	year={2010},
	organization={IEEE}
}
@article{2013-Xia,
	title={Asynchronous brain--computer interface based on steady-state visual-evoked potential},
	author={Xia, Bin and Li, Xing and Xie, Hong and Yang, Wenlu and Li, Jie and He, Lianghua},
	journal={Cognitive Computation},
	volume={5},
	pages={243--251},
	year={2013},
	publisher={Springer}
}
@article{2014-Dua,
	title={A voting optimized strategy based on ELM for improving classification of motor imagery BCI data},
	author={Duan, Lijuan and Zhong, Hongyan and Miao, Jun and Yang, Zhen and Ma, Wei and Zhang, Xuan},
	journal={Cognitive Computation},
	volume={6},
	pages={477--483},
	year={2014},
	publisher={Springer}
}
@inproceedings{2016-Dif,
	title={A new regression-based method for the eye blinks artifacts correction in the EEG signal, without using any EOG channel},
	author={Di Flumeri, Gianluca and Aric{\`o}, Pietro and Borghini, Gianluca and Colosimo, Alfredo and Babiloni, Fabio},
	booktitle={2016 38th Annual International Conference of the IEEE Engineering in Medicine and Biology Society (EMBC)},
	pages={3187--3190},
	year={2016},
	organization={IEEE}
}
@article{2018-Li,
	title={Spike detection and spike sorting with a hidden Markov model improves offline decoding of motor cortical recordings},
	author={Li, Jie and Chen, Xiuli and Li, Zheng},
	journal={Journal of neural engineering},
	volume={16},
	number={1},
	pages={016014},
	year={2018},
	publisher={IOP Publishing}
}


